<?xml version="1.0" encoding="UTF-8"?><record xmlns="http://www.loc.gov/MARC21/slim" xmlns:cinclude="http://apache.org/cocoon/include/1.0" xmlns:zs="http://www.loc.gov/zing/srw/">
  <leader>00505cz  a2200157n  4500</leader>
  <controlfield tag="001">n  86104163 </controlfield>
  <controlfield tag="003">DLC</controlfield>
  <controlfield tag="005">20080501075533.0</controlfield>
  <controlfield tag="008">860610n| acannaabn          |a aaa      </controlfield>
  <datafield tag="010" ind1=" " ind2=" ">
    <subfield code="a">n  86104163 </subfield>
  </datafield>
  <datafield tag="035" ind1=" " ind2=" ">
    <subfield code="a">(OCoLC)oca01620892</subfield>
  </datafield>
  <datafield tag="040" ind1=" " ind2=" ">
    <subfield code="a">DLC</subfield>
    <subfield code="b">eng</subfield>
    <subfield code="c">DLC</subfield>
    <subfield code="d">DLC</subfield>
    <subfield code="d">OCoLC</subfield>
  </datafield>
  <datafield tag="100" ind1="1" ind2=" ">
    <subfield code="a">Porcu, Sebastiano</subfield>
  </datafield>
  <datafield tag="400" ind1="1" ind2=" ">
    <subfield code="a">Porcu, S.</subfield>
    <subfield code="q">(Sebastiano)</subfield>
  </datafield>
  <datafield tag="670" ind1=" " ind2=" ">
    <subfield code="a">Il Paradosso del sociale, c1985:</subfield>
    <subfield code="b">t.p. (Sebastiano Porcu)</subfield>
  </datafield>
  <datafield tag="670" ind1=" " ind2=" ">
    <subfield code="a">La Professione del sociologo ... 1987:</subfield>
    <subfield code="b">t.p. (S. Porcu) t.p. verso (Sebastiano Porcu)</subfield>
  </datafield>
</record>